@article{Feng2016,
  author = {Feng Z and Zheng Y and Hernandez-Ceron N and Zhao H and Glasser JW and Hill AN},
  title = {Mathematical models of Ebolaâ€”Consequences of underlying assumptions},
  journal = {Mathematical biosciences},
  volume = {227},
  number = {},
  pages = {89-107},
  year = {2016},
  doi = {https://doi.org/10.1016/j.mbs.2016.04.002},
}

@book{Anderson1991,   
    author = {Anderson RM and May RM},   
    year = {1991},   
    title = {Infectious diseases of humans: dynamics and control},   
    publisher = {Oxford university press},   
    address = {}, 
}