@book{Anderson1991,   
    author = {Anderson RM and May RM},   
    year = {1991},   
    title = {Infectious diseases of humans: dynamics and control},   
    publisher = {Oxford university press},   
    address = {}, 
}

@book{Diekmann2000,   
    author = {Diekmann O and Heesterbeek JA},   
    year = {2000},   
    title = {Mathematical epidemiology of infectious diseases: model building, analysis and interpretation},   
    publisher = {John Wiley and Sons},   
    address = {}, 
}

@article{Feng2016,
  author = {Feng Z and Zheng Y and Hernandez-Ceron N and Zhao H and Glasser JW and Hill AN},
  title = {Mathematical models of Ebola—Consequences of underlying assumptions},
  journal = {Mathematical biosciences},
  volume = {227},
  number = {},
  pages = {89-107},
  year = {2016},
  doi = {https://doi.org/10.1016/j.mbs.2016.04.002},
}

@article{baker1998modelling,
  title={Modelling and analysis of time-lags in some basic patterns of cell proliferation},
  author={Baker, CTH and Bocharov, GA and Paul, CAH and Rihan, FA},
  journal={Journal of mathematical biology},
  volume={37},
  pages={341--371},
  year={1998},
  publisher={Springer}
}

@article{jarrett2018mathematical,
  title={Mathematical models of tumor cell proliferation: A review of the literature},
  author={Jarrett, Angela M and Lima, Ernesto ABF and Hormuth, David A and McKenna, Matthew T and Feng, Xinzeng and Ekrut, David A and Resende, Anna Claudia M and Brock, Amy and Yankeelov, Thomas E},
  journal={Expert review of anticancer therapy},
  volume={18},
  number={12},
  pages={1271--1286},
  year={2018},
  publisher={Taylor \& Francis}
}

@article{salisbury2011mathematical,
  title={Mathematical models in population dynamics},
  author={Salisbury, Alexander},
  year={2011}
}

@article{sego2021generation,
  title={Generation of multicellular spatiotemporal models of population dynamics from ordinary differential equations, with applications in viral infection},
  author={Sego, TJ and Aponte-Serrano, Josua O and Gianlupi, Juliano F and Glazier, James A},
  journal={BMC biology},
  volume={19},
  number={1},
  pages={1--24},
  year={2021},
  publisher={BioMed Central}
}

@article{kermack1927contribution,
  title={A contribution to the mathematical theory of epidemics},
  author={Kermack, William Ogilvy and McKendrick, Anderson G},
  journal={Proceedings of the royal society of london. Series A, Containing papers of a mathematical and physical character},
  volume={115},
  number={772},
  pages={700--721},
  year={1927},
  publisher={The Royal Society London}
}

@article{greenhalgh2017time,
  title={Time-varying and state-dependent recovery rates in epidemiological models},
  author={Greenhalgh, Scott and Day, Troy},
  journal={Infectious Disease Modelling},
  volume={2},
  number={4},
  pages={419--430},
  year={2017},
  publisher={Elsevier}
}

@article{hurtado2019generalizations,
  title={Generalizations of the ‘Linear Chain Trick’: incorporating more flexible dwell time distributions into mean field ODE models},
  author={Hurtado, Paul J and Kirosingh, Adam S},
  journal={Journal of mathematical biology},
  volume={79},
  number={5},
  pages={1831--1883},
  year={2019},
  publisher={Springer}
}

@article{krylova2013effects,
  title={Effects of the infectious period distribution on predicted transitions in childhood disease dynamics},
  author={Krylova, Olga and Earn, David JD},
  journal={Journal of The Royal Society Interface},
  volume={10},
  number={84},
  pages={20130098},
  year={2013},
  publisher={The Royal Society}
}

@article{keeling2002understanding,
  title={Understanding the persistence of measles: reconciling theory, simulation and observation},
  author={Keeling, Matt J and Grenfell, Bryan T},
  journal={Proceedings of the Royal Society of London. Series B: Biological Sciences},
  volume={269},
  number={1489},
  pages={335--343},
  year={2002},
  publisher={The Royal Society}
}

@article{wearing2005appropriate,
  title={Appropriate models for the management of infectious diseases},
  author={Wearing, Helen J and Rohani, Pejman and Keeling, Matt J},
  journal={PLoS medicine},
  volume={2},
  number={7},
  pages={e174},
  year={2005},
  publisher={Public Library of Science San Francisco, USA}
}

@article{nguyen2008noise,
  title={Noise, nonlinearity and seasonality: the epidemics of whooping cough revisited},
  author={Nguyen, Hanh TH and Rohani, Pejman},
  journal={Journal of the Royal Society interface},
  volume={5},
  number={21},
  pages={403--413},
  year={2008},
  publisher={The Royal Society London}
}

@article{hethcote1980integral,
  title={Integral equation models for endemic infectious diseases},
  author={Hethcote, Herbert W and Tudor, David W},
  journal={Journal of mathematical biology},
  volume={9},
  pages={37--47},
  year={1980},
  publisher={Springer}
}

@article{feng2000endemic,
  title={Endemic models with arbitrarily distributed periods of infection I: fundamental properties of the model},
  author={Feng, Zhilan and Thieme, Horst R},
  journal={SIAM Journal on Applied Mathematics},
  volume={61},
  number={3},
  pages={803--833},
  year={2000},
  publisher={SIAM}
}

@article{ma2006generality,
  title={Generality of the final size formula for an epidemic of a newly invading infectious disease},
  author={Ma, Junling and Earn, David JD},
  journal={Bulletin of mathematical biology},
  volume={68},
  pages={679--702},
  year={2006},
  publisher={Springer}
}

@book{burton2005volterra,
  title={Volterra integral and differential equations},
  author={Burton, Ted A},
  year={2005},
  publisher={Elsevier}
}

@book{macdonald2008biological,
  title={Biological delay systems: linear stability theory},
  author={MacDonald, Norman and MacDonald, N},
  year={2008},
  publisher={Cambridge University Press}
}

@article{ponosov2004thew,
  title={TheW-transform links delay and ordinary differential equations},
  author={Ponosov, ARCADY and Shindiapin, ANDREI and Miguel, J},
  journal={Functional Differential Equations},
  volume={9},
  number={3-4},
  pages={p--437},
  year={2004}
}

@article{goltser2013reducing,
  title={About reducing integro-differential equations with infinite limits of integration to systems of ordinary differential equations},
  author={Goltser, Yakov and Domoshnitsky, Alexander},
  journal={Advances in Difference Equations},
  volume={2013},
  number={1},
  pages={1--17},
  year={2013},
  publisher={SpringerOpen}
}

@article{diekmann2018finite,
  title={Finite dimensional state representation of linear and nonlinear delay systems},
  author={Diekmann, Odo and Gyllenberg, Mats and Metz, JAJ},
  journal={Journal of Dynamics and Differential Equations},
  volume={30},
  pages={1439--1467},
  year={2018},
  publisher={Springer}
}

@article{sartwell1966incubation,
  title={The incubation period and the dynamics of infectious disease},
  author={SARTWELL, PHILIP E and others},
  journal={American Journal of Epidemiology},
  volume={83},
  number={2},
  pages={204--216},
  year={1966},
  publisher={Oxford University Press}
}

@article{bailey1954statistical,
  title={A statistical method of estimating the periods of incubation and infection of an infectious disease},
  author={Bailey, Norman TJ},
  journal={Nature},
  volume={174},
  number={4420},
  pages={139--140},
  year={1954},
  publisher={Nature Publishing Group UK London}
}

@article{macdonald1978time,
  title={TIME LAGS IN BIOLOGICAL MODELS},
  author={MACDONALD, N},
  year={1978}
}

@book{smith2011introduction,
  title={An introduction to delay differential equations with applications to the life sciences},
  author={Smith, Hal L},
  volume={57},
  year={2011},
  publisher={springer New York}
}

@book{therrien2018probability,
  title={Probability and random processes for electrical and computer engineers},
  author={Therrien, Charles and Tummala, Murali},
  year={2018},
  publisher={CRC press}
}

@article{lloyd2001destabilization,
  title={Destabilization of epidemic models with the inclusion of realistic distributions of infectious periods},
  author={Lloyd, Alun L},
  journal={Proceedings of the Royal Society of London. Series B: Biological Sciences},
  volume={268},
  number={1470},
  pages={985--993},
  year={2001},
  publisher={The Royal Society}
}

@article{lloyd2001realistic,
  title={Realistic distributions of infectious periods in epidemic models: changing patterns of persistence and dynamics},
  author={Lloyd, Alun L},
  journal={Theoretical population biology},
  volume={60},
  number={1},
  pages={59--71},
  year={2001},
  publisher={Elsevier}
}

@article{lloyd2001dependence,
  title={The dependence of viral parameter estimates on the assumed viral life cycle: limitations of studies of viral load data},
  author={Lloyd, Alun L},
  journal={Proceedings of the Royal Society of London. Series B: Biological Sciences},
  volume={268},
  number={1469},
  pages={847--854},
  year={2001},
  publisher={The Royal Society}
}

@article{kakizoe2015method,
  title={A method to determine the duration of the eclipse phase for in vitro infection with a highly pathogenic SHIV strain},
  author={Kakizoe, Yusuke and Nakaoka, Shinji and Beauchemin, Catherine AA and Morita, Satoru and Mori, Hiromi and Igarashi, Tatsuhiko and Aihara, Kazuyuki and Miura, Tomoyuki and Iwami, Shingo},
  journal={Scientific reports},
  volume={5},
  number={1},
  pages={10371},
  year={2015},
  publisher={Nature Publishing Group UK London}
}

@book{cushing2013integrodifferential,
  title={Integrodifferential equations and delay models in population dynamics},
  volume={20},
  year={2013},
  publisher={Springer Science \& Business Media}
}

@article{raue2009structural,
  title={Structural and practical identifiability analysis of partially observed dynamical models by exploiting the profile likelihood},
  author={Raue, Andreas and Kreutz, Clemens and Maiwald, Thomas and Bachmann, Julie and Schilling, Marcel and Klingm{\"u}ller, Ursula and Timmer, Jens},
  journal={Bioinformatics},
  volume={25},
  number={15},
  pages={1923--1929},
  year={2009},
  publisher={Oxford University Press}
}

@article{maiwald2016driving,
  title={Driving the model to its limit: profile likelihood based model reduction},
  author={Maiwald, Tim and Hass, Helge and Steiert, Bernhard and Vanlier, Joep and Engesser, Raphael and Raue, Andreas and Kipkeew, Friederike and Bock, Hans H and Kaschek, Daniel and Kreutz, Clemens and others},
  journal={PloS one},
  volume={11},
  number={9},
  pages={e0162366},
  year={2016},
  publisher={Public Library of Science San Francisco, CA USA}
}

@article{hauber2020estimating,
  title={Estimating chain length for time delays in dynamical systems using profile likelihood},
  author={Hauber, Adrian L and Engesser, Raphael and Vanlier, Joep and Timmer, Jens},
  journal={Bioinformatics},
  volume={36},
  number={6},
  pages={1848--1854},
  year={2020},
  publisher={Oxford University Press}
}

@article{hurtado2021building,
  title={Building mean field ODE models using the generalized linear chain trick \& Markov chain theory},
  author={Hurtado, Paul J and Richards, Cameron},
  journal={Journal of Biological Dynamics},
  volume={15},
  number={sup1},
  pages={S248--S272},
  year={2021},
  publisher={Taylor \& Francis}
}

@article{bladt2017phase,
  title={Phase-Type Distributions},
  author={Bladt, Mogens and Nielsen, Bo Friis and Bladt, Mogens and Nielsen, Bo Friis},
  journal={Matrix-Exponential Distributions in Applied Probability},
  pages={125--197},
  year={2017},
  publisher={Springer}
}




