@article{McKendrick1927,
  author = {William Ogilvy Kermack and A. G. McKendrick},
  title = {A contribution to the mathematical theory of epidemics},
  journal = {Proc. R. Soc. Lond. A},
  volume = {115},
  number = {772},
  pages = {700–721},
  year = {1927},
  doi = {https://doi.org/10.1098/rspa.1927.0118},
}

@article{Sartwell1950,
  author = {Philip E. Sartwell},
  title = {The distribution of incubation periods of infectious disease},
  journal = {American Journal of Epidemiology},
  volume = {51},
  number = {3},
  pages = {310–318},
  year = {1950},
  doi = {https://doi.org/10.1093/oxfordjournals.aje.a119397},
}

@article{Simpson1952,
  author = {R.E. Hope Simpson},
  title = {Infectiousness of communicable diseases in the household},
  journal = {The Lancet},
  volume = {260},
  number = {6734},
  pages = {549-554},
  year = {1952},
  doi = {https://doi.org/10.1016/S0140-6736(52)91357-3},
}

@article{Bailey1954,
  author = {Norman T. J. Bailey},
  title = {A Statistical Method of estimating the Periods of Incubation and Infection of an Infectious Disease},
  journal = {Nature},
  volume = {174},
  number = {},
  pages = {139–140},
  year = {1954},
  doi = {https://doi.org/10.1038/174139a0},
}

@article{Gough1977,
  author = {K. J. Gough},
  title = {The estimation of latent and infectious periods},
  journal = {Biometrika},
  volume = {64},
  number = {3},
  pages = {559–565},
  year = {1977},
  doi = {https://doi.org/10.1093/biomet/64.3.559},
}

@book{Tummal2011,   
    author = {Charles Therrien and Murali Tummala},   
    year = {2011},   
    title = {Probability for Electrical and Computer Engineers},   
    publisher = {CRC Press; 1st edition},   
    address = {}, 
}

@article{Kirosingh2019,
  author = {Paul J. Hurtado and Adam S. Kirosingh},
  title = {Generalizations of the ‘Linear Chain Trick’: incorporating more flexible dwell time distributions into mean field ODE models},
  journal = {J. Math. Biol},
  volume = {79},
  number = {},
  pages = {1831–1883},
  year = {2019},
  doi = {https://doi.org/10.1007/s00285-019-01412-w},
}

@article{Wearing2005,
  author = {Helen J Wearing and Pejman Rohani and Matt J Keeling},
  title = {Appropriate Models for the Management of Infectious Diseases},
  journal = {PLoS Med},
  volume = {2},
  number = {7},
  pages = {e174},
  year = {2005},
  doi = {https://doi.org/10.1371/journal.pmed.0020174},
}

@article{Anderson1991,
  author = {R. M. Anderson and R. M. May and M. C. Boily and G. P. Garnett and J. T. Rowley and R. M. May},
  title = {The spread of HIV-1 in Africa: sexual contact patterns and the predicted demographic impact of AIDS},
  journal = {Nature},
  volume = {352},
  number = {},
  pages = {581–589},
  year = {1991},
  doi = {https://doi.org/10.1038/352581a0},
}

@article{Hethcote2000,
  author = {Herbert W. Hethcote},
  title = {The Mathematics of Infectious Diseases},
  journal = {SIAM Review},
  volume = {42},
  number = {4},
  pages = {599–653},
  year = {2000},
  doi = {https://doi.org/10.1137/S0036144500371907},
}

@article{Olga2013,
  author = {Olga Krylova and David J. D. Earn},
  title = {Effects of the infectious period distribution on predicted transitions in childhood disease dynamics},
  journal = {Journal of The Royal Society Interface},
  volume = {10},
  number = {84},
  pages = {},
  year = {2013},
  doi = {https://doi.org/10.1098/rsif.2013.0098},
}

@book{MacDonald1978,   
    author = {Norman MacDonald},   
    year = {1978},   
    title = {Time Lags in Biological Model},   
    publisher = {Springer Science},   
    address = {}, 
}

@article{Hurtado2021,
  author = {Paul J. Hurtado and Cameron Richards},
  title = {Building mean field ODE models using the generalized linear chain trick and Markov chain theory},
  journal = {Journal of The Royal Society Interface},
  volume = {15},
  number = {sup1},
  pages = {S248-S272},
  year = {2021},
  doi = {https://doi.org/10.1080/17513758.2021.1912418},
}

@article{Raue2009,
  author = {A. Raue and C. Kreutz and T. Maiwald and J. Bachmann and M. Schilling and U. Klingmüller and J. Timmer},
  title = {Structural and practical identifiability analysis of partially observed dynamical models by exploiting the profile likelihood},
  journal = {Bioinformatics},
  volume = {25},
  number = {15},
  pages = {1923–1929},
  year = {2009},
  doi = {https://doi.org/10.1093/bioinformatics/btp358},
}

@article{Maiwald2016,
  author = {Tim Maiwald and Helge Hass and Bernhard Steiert and Joep Vanlier and Raphael Engesser and Andreas Raue and Friederike Kipkeew and Hans H. Bock and Daniel Kaschek and Clemens Kreutz and Jens Timme},
  title = {Driving the Model to Its Limit: Profile Likelihood Based Model Reduction},
  journal = {PLoS ONE},
  volume = {11},
  number = {9},
  pages = {e0162366},
  year = {2016},
  doi = {https://doi.org/10.1371/journal.pone.0162366},
}

@article{Nguyen2007,
  author = {Hanh T.H Nguyen and Pejman Rohani},
  title = {Noise, nonlinearity and seasonality: the epidemics of whooping cough revisited},
  journal = {J. R. Soc. Interface},
  volume = {5},
  number = {21},
  pages = {403–413},
  year = {2007},
  doi = {https://doi.org/10.1098/rsif.2007.1168},
}

@article{Anderson1980,
  author = {Dorothy Anderson and Ray Watson},
  title = {On the spread of a disease with gamma distributed latent and infectious periods},
  journal = {Biometrikae},
  volume = {67},
  number = {1},
  pages = {191–198},
  year = {1980},
  doi = {https://doi.org/10.1098/rsif.2007.1168},
}

@article{Lloyd2001,
  author = {A. L. Lloyd},
  title = {Destabilization of epidemic models with the inclusion of realistic distributions of infectious periods},
  journal = {Biometrikae},
  volume = {268},
  number = {1470},
  pages = {},
  year = {2001},
  doi = {https://doi.org/10.1098/rspb.2001.1599},
}


@article{Ma2006,
  author = {Junling Ma and David J. D. Earn},
  title = {Generality of the Final Size Formula for an Epidemic of a Newly Invading Infectious Disease},
  journal = {Bull. Math. Biol},
  volume = {68},
  number = {},
  pages = {679–702 },
  year = {2006},
  doi = {https://doi.org/10.1007/s11538-005-9047-7},
}



 